<record><leader>00000cas a22000007a 4500</leader><controlfield tag="001">14584305</controlfield><controlfield tag="008">861031d1uuu1942inuwr ne      0    0eng d</controlfield><datafield ind1=" " ind2=" " tag="010"><subfield code="a">sn 86058946 </subfield></datafield><datafield ind1=" " ind2=" " tag="040"><subfield code="a">NPI</subfield><subfield code="b">eng</subfield><subfield code="c">NPI</subfield><subfield code="d">NVF</subfield><subfield code="d">OCLCQ</subfield></datafield><datafield ind1=" " ind2=" " tag="042"><subfield code="a">msc</subfield></datafield><datafield ind1=" " ind2=" " tag="043"><subfield code="a">n-us-in</subfield></datafield><datafield ind1="0" ind2=" " tag="130"><subfield code="a">Monitor (Grandview, Ind.)</subfield></datafield><datafield ind1="1" ind2="4" tag="245"><subfield code="a">The monitor.</subfield></datafield><datafield ind1=" " ind2=" " tag="260"><subfield code="a">Grandview, Ind. :</subfield><subfield code="b">Chas. T. Baker</subfield></datafield><datafield ind1=" " ind2=" " tag="300"><subfield code="a">v.</subfield></datafield><datafield ind1=" " ind2=" " tag="310"><subfield code="a">Weekly</subfield></datafield><datafield ind1="1" ind2=" " tag="362"><subfield code="a">Ceased in late 1942.</subfield></datafield><datafield ind1=" " ind2=" " tag="588"><subfield code="a">Description based on: Vol. 50, no. 25 (Aug. 14, 1919).</subfield></datafield><datafield ind1=" " ind2="0" tag="651"><subfield code="a">Grandview (Ind.)</subfield><subfield code="v">Newspapers.</subfield></datafield><datafield ind1=" " ind2=" " tag="752"><subfield code="a">United States</subfield><subfield code="b">Indiana</subfield><subfield code="c">Spencer</subfield><subfield code="d">Grandview.</subfield></datafield><datafield ind1="1" ind2=" " tag="029"><subfield code="a">AU@</subfield><subfield code="b">000025806973</subfield></datafield></record>